@online{stat1,
	author = {Statcounter},
	title = {Mobile Operating System Market Share Worldwide},
	date = {2021},
	url = {https://gs.statcounter.com/os-market-share/mobile/worldwide},
	urldate = {2021-06-19},
}


@online{stat3,
	author = {Statcounter},
	title = {Mobile \& Tablet Android Version Market Share Worldwide},
	date = {2021},
	url = {https://gs.statcounter.com/android-version-market-share/mobile-tablet/worldwide},
	urldate = {2021-06-29},
}

@online{stat4,
	author = {Statcounter},
	title = {Mobile \& Tablet iOS Version Market Share Worldwide},
	date = {2021},
	url = {https://gs.statcounter.com/os-version-market-share/ios/mobile-tablet/worldwide},
	urldate = {2021-06-29},
}


@online{bankmycell,
	author = {Ash Turner},
	title = {how many smartphones are in the world?},
	date = {2021},
	url = {https://www.bankmycell.com/blog/how-many-phones-are-in-the-world},
	urldate = {2021-07-03},
}

@online{flutter_support,
	author = {Ray Rischpater},
	title = {Providing operating system compatibility on a large scale},
	date = {2021},
	url = {https://medium.com/flutter/providing-operating-system-compatibility-on-a-large-scale-374cc2fb0dad},
	urldate = {2021-07-03},
}

@online{opinionated,
	author = {mostlyjason},
	title = {Opinionated or Not: Choosing the Right Framework for the Job},
	date = {2019-10-28},
	url = {https://hackernoon.com/opinionated-or-not-choosing-the-right-framework-for-the-job-6x1u2ga0},
	urldate = {2021-07-03},
}


@online{statista2_sales,
	author = {S. O'Dea},
	title = {Number of smartphones sold to end users worldwide from 2007 to 2021},
	date = {2021-06-11},
	url = {https://www.statista.com/statistics/263437/global-smartphone-sales-to-end-users-since-2007/},
	urldate = {2021-03-31},
}

@online{gartner_sales,
	author = {Gartner, Inc.},
	title = {Gartner Says Global Smartphone Sales Fell Slightly in the Fourth Quarter of 2019},
	date = {2020-03-03},
	url = {https://www.gartner.com/en/newsroom/press-releases/2020-03-03-gartner-says-global-smartphone-sales-fell-slightly-in},
	urldate = {2021-03-31},
}


@manual{nist1,
	author = {National Institute of Standards and Technology},
	title = {Security and Privacy Controls for Information Systems and Organizations},
	date = {2020-10-12},
	pages = {435},
	url = {https://nvlpubs.nist.gov/nistpubs/SpecialPublications/NIST.SP.800-53r5.pdf},
	urldate = {2021-06-29},
}

@book{heikGrundl,
	author = {Heitkötter, Henning and Majchrzak, Tim A. and Wolffgang, Ulrich and Kuchen, Herbert},
	year = {2012},
	month = {01},
	pages = {},
	title = {Business Apps: Grundlagen und Status quo},
	url = {https://www.uni-muenster.de/imperia/md/content/angewandteinformatik/aktivitaeten/publikationen/business-apps.pdf},
	urldate = {2021-06-29},
}

@online{fowler1,
author = {Martin Fowler},
title = {InversionOfControl},
date = {2005-06-26},
url = {https://martinfowler.com/bliki/InversionOfControl.html},
urldate = {2021-06-29},
}

@online{andriod1,
	author = {Google LLC},
	title = {What is Andriod},
	date = {2021},
	url = {https://www.android.com/what-is-android/},
	urldate = {2021-06-29},
}

@online{medium_pwa_pro_con,
	author = {IQUII},
	title = {Progressive Web App (PWA): what they are, pros and cons and the main examples on the market},
	date = {2021},
	url = {https://medium.com/iquii/progressive-web-app-pwa-what-they-are-pros-and-cons-and-the-main-examples-on-the-market-318f4538c670},
	urldate = {2019-03-04},
}

@online{opensignal1,
	author = {Opensignal Limited},
	title = {Android Fragmentation 2015},
	date = {2015},
	url = {https://www.opensignal.com/sites/opensignal-com/files/data/reports/global/data-2015-08/2015_08_fragmentation_report.pdf},
	urldate = {2021-06-29},
}

@online{medium_rendering_flutter,
	author = {inVerita},
	title = {Flutter vs Native vs React-Native: Examining performance},
	date = {2020-03-10},
	url = {https://medium.com/swlh/flutter-vs-native-vs-react-native-examining-performance-31338f081980},
	urldate = {2021-06-29},
}

@article{Majchrzak_category,
	author = {Majchrzak, Tim A. and Ernsting, Jan and Kuchen, Herbert},
	year = {2015},
	month = {01},
	pages = {3-14},
	title = {Achieving Business Practicability of Model-Driven Cross-Platform Apps},
	volume = {2},
	journal = {Open Journal of Information Systems (OJIS)}
}

@article{rieger_evaluation,
	title = {Towards the definitive evaluation framework for cross-platform app development approaches},
	journal = {Journal of Systems and Software},
	volume = {153},
	pages = {175-199},
	year = {2019},
	issn = {0164-1212},
	doi = {https://doi.org/10.1016/j.jss.2019.04.001},
	url = {https://www.sciencedirect.com/science/article/pii/S0164121219300743},
	author = {Christoph Rieger and Tim A. Majchrzak},
}

    @inproceedings{xanthopoulos_compare_cross_plattform,
	author = {Xanthopoulos, Spyros and Xinogalos, Stelios},
	title = {A Comparative Analysis of Cross-Platform Development Approaches for Mobile Applications},
	year = {2013},
	isbn = {9781450318518},
	publisher = {Association for Computing Machinery},
	address = {New York, NY, USA},
	url = {https://doi.org/10.1145/2490257.2490292},
	doi = {10.1145/2490257.2490292},
	booktitle = {Proceedings of the 6th Balkan Conference in Informatics},
	pages = {213–220},
	numpages = {8},
	keywords = {hybrid app, native app, interpreted app, smart mobile device, HTML5, generated app, mobile application, web app, cross-platform development},
	location = {Thessaloniki, Greece},
	series = {BCI '13}
}

@online{apple_member,
	author = {Apple Inc.},
	title = {Apple Developer Program},
	date = {2021},
	url = {https://developer.apple.com/de/support/compare-memberships/},
	urldate = {2021-06-29},
}

@online{apple_submit,
	author = {Apple Inc.},
	title = {Submit your iOS and iPadOS apps to the App Store},
	date = {2021},
	url = {https://developer.apple.com/ios/submit/},
	urldate = {2021-06-29},
}


@online{mozilla_pwa,
	author = {Mozilla Community},
	title = {Introduction to progressive web apps},
	date = {2021-06-02},
	url = {https://developer.mozilla.org/en-US/docs/Web/Progressive_web_apps/Introduction},
	urldate = {2021-06-30},
}

@book{firtman_mobile_web,
	title={High Performance Mobile Web: Best Practices for Optimizing Mobile Web Apps},
	author={Firtman, M.},
	isbn={9781491913666},
	url={https://books.google.de/books?id=FOYPDQAAQBAJ},
	year={2016},
	publisher={O'Reilly Media}
}

@online{google_pwa_check,
	author = {Sam Richard, Pete LePage},
	title = {What makes a good Progressive Web App?},
	date = {2020-01-06},
	url = {https://web.dev/pwa-checklist/},
	urldate = {2021-06-30},
}

@inproceedings{hansen_pwa,
	author = {Biørn-Hansen, Andreas and Majchrzak, Tim A. and Grønli, Tor-Morten},
	year = {2017},
	month = {01},
	pages = {344-351},
	title = {Progressive Web Apps: The Possible Web-native Unifier for Mobile Development},
	doi = {10.5220/0006353703440351}
}

@article{adetunji_pwa,
	author = {Adetunji, Oluwatofunmi and Ajaegbu, Chigozirim and Nzechukwu, Otuneme},
	year = {2020},
	month = {05},
	pages = {85-99},
	title = {Dawning of Progressive Web Applications (PWA): Edging Out the Pitfalls of Traditional Mobile Development},
	volume = {68},
	journal = {American Scientific Research Journal for Engineering, Technology, and Sciences}
}

@book{kmu_fh_joanneum,
	author = {Johannes Feiner (Hsg) und Petra Kletzenbauer (Hsg)},
	title = {Internet-Technologien und -AnwendungenFH JOANNEUM},
	date = {2015-03-01},
	url = {https://cdn.fh-joanneum.at/media/2016/02/KMUgoesmobile-Sammelband-1.pdf},
	urldate = {2021-06-30},
}

@article{hansen_performance_overhead_cross_platform,
	author = {Biørn-Hansen, Andreas and Rieger, Christoph and Grønli, Tor-Morten and Majchrzak, Tim A. and Ghinea, Gheorghita},
	year = {2020},
	month = {07},
	pages = {},
	title = {An empirical investigation of performance overhead in cross-platform mobile development frameworks},
	journal = {Empirical Software Engineering},
	doi = {10.1007/s10664-020-09827-6}
}

@inproceedings{umuhoza_modell,
	author = {Umuhoza, Eric and Brambilla, Marco},
	year = {2016},
	month = {08},
	pages = {},
	title = {Model Driven Development Approaches for Mobile Applications: A Survey},
	isbn = {978-3-319-44214-3},
	doi = {10.1007/978-3-319-44215-0_8}
}

@online{ionic_docs,
	author = {Ionic Community},
	title = {Ionic Framework},
	date = {2021},
	url = {https://ionicframework.com/docs},
	urldate = {2021-07-01},
}

@online{altexsoft_comparison,
	author = {AltexSoft LLC},
	title = {Xamarin vs React Native vs Ionic vs NativeScript: Cross-platform Mobile Frameworks Comparison},
	date = {2021-10-04},
	url = {https://www.altexsoft.com/blog/engineering/xamarin-vs-react-native-vs-ionic-vs-nativescript-cross-platform-mobile-frameworks-comparison/},
	urldate = {2021-07-01},
}

@online{ionicForum_diagramm,
	author = {Arkivar},
	title = {Is there a graphic diagram available that shows how Ionic 2 and all related technologies connect?},
	date = {2018-08-17},
	url = {https://forum.ionicframework.com/t/is-there-a-graphic-diagram-available-that-shows-how-ionic-2-and-all-related-technologies-connect/88375/20},
	urldate = {2021-07-01},
}

@online{cordova_diagramm,
	author = {The Apache Software Foundation},
	title = {Overview},
	date = {2015},
	url = {https://cordova.apache.org/docs/en/10.x/guide/overview/},
	urldate = {2021-07-01},
}

@online{talKol_react_performance,
	author = {Tal Kol},
	title = {Performance Limitations of React Native and How to Overcome Them},
	date = {2016-06-19},
	url = {https://talkol.medium.com/performance-limitations-of-react-native-and-how-to-overcome-them-947630d7f440},
	urldate = {2021-07-01},
}

@online{react_fabric_youtube,
	author = {Parashuram N.},
	title = {React Native's New Architecture},
	date = {2018-10-28},
	url = {https://www.youtube.com/watch?v=UcqRXTriUVI},
	urldate = {2021-07-01},
}

@online{droids_react_intro,
	author = {Bartosz Skuza},
	title = {What is React Native and When to Use it? Introduction for App Owners },
	date = {2020-10-29},
	url = {https://www.thedroidsonroids.com/blog/what-is-react-native-introduction},
	urldate = {2021-07-01},
}

@online{react_intro_book,
	author = {Rahul Gaba, Atul R},
	title = {React Made Native Easy},
	date = {2020-09-15},
	url = {https://github.com/react-made-native-easy/book},
	urldate = {2021-07-01},
}

@online{ionic_intro,
	author = {Pankaj Kumar Choudhary},
	title = {Introduction To Ionic},
	date = {2020-06-10},
	url = {https://www.c-sharpcorner.com/article/introduction-to-ionic/},
	urldate = {2021-07-01},
}

@online{wiki_intro,
	author = {Wikipedia Community},
	title = {Ionic (mobile app framework)},
	date = {2021-05-23},
	url = {https://en.wikipedia.org/wiki/Ionic_(mobile_app_framework)},
	urldate = {2021-07-01},
}

@online{flutter_dev,
	author = {Google LLC},
	title = {Flutter},
	date = {2021},
	url = {https://flutter.dev/},
	urldate = {2021-07-01},
}

@online{techcrunch_dart,
	author = {Frederic Lardinois},
	title = {Google’s Dart Programming Language Is Coming To The Server},
	date = {2014-06-29},
	url = {https://techcrunch.com/2014/06/29/googles-dart-programming-language-is-coming-to-the-server/},
	urldate = {2021-07-01},
}

@online{dart_dev,
	author = {Google LLC},
	title = {Dart overview},
	date = {2021},
	url = {https://dart.dev/overview},
	urldate = {2021-07-01},
}

@online{akamai_abandonment,
	author = {Tammy Everts},
	title = {Mobile Load Time and User Abandonment},
	date = {2016-10-09},
	url = {https://developer.akamai.com/blog/2016/09/14/mobile-load-time-user-abandonment},
	urldate = {2021-07-01},
}

@article{waffa_tax_dev_approaches,
	title = {Taxonomy of Cross-Platform Mobile Applications Development Approaches},
	journal = {Ain Shams Engineering Journal},
	volume = {8},
	number = {2},
	pages = {163-190},
	year = {2017},
	issn = {2090-4479},
	doi = {https://doi.org/10.1016/j.asej.2015.08.004},
	url = {https://www.sciencedirect.com/science/article/pii/S2090447915001276},
	author = {Wafaa S. El-Kassas and Bassem A. Abdullah and Ahmed H. Yousef and Ayman M. Wahba},
	keywords = {Cross-platform mobile development, Interpretation approach, Cloud computing, Compilation approach, Component-Based approach, Model-Driven Engineering},
}